<record><leader>00000cas a2200000 a 4500</leader><controlfield tag="001">21994755</controlfield><controlfield tag="008">900712d19081927iludn ne      0   a0eng c</controlfield><datafield ind1=" " ind2=" " tag="010"><subfield code="a">sn 90054989 </subfield></datafield><datafield ind1=" " ind2=" " tag="040"><subfield code="a">NVF</subfield><subfield code="b">eng</subfield><subfield code="c">NVF</subfield><subfield code="d">OCLCQ</subfield><subfield code="d">NVF</subfield><subfield code="d">OCLCF</subfield><subfield code="d">OCLCO</subfield><subfield code="d">NVF</subfield></datafield><datafield ind1=" " ind2=" " tag="042"><subfield code="a">pcc</subfield></datafield><datafield ind1=" " ind2=" " tag="043"><subfield code="a">n-us-il</subfield></datafield><datafield ind1="0" ind2=" " tag="130"><subfield code="a">Paris daily news (Paris, Ill.)</subfield></datafield><datafield ind1="1" ind2="0" tag="245"><subfield code="a">Paris daily news.</subfield></datafield><datafield ind1=" " ind2=" " tag="260"><subfield code="a">Paris, Ill. :</subfield><subfield code="b">Paris News Pub. Co.</subfield></datafield><datafield ind1=" " ind2=" " tag="300"><subfield code="a">v.</subfield></datafield><datafield ind1=" " ind2=" " tag="310"><subfield code="a">Daily (except Sunday)</subfield></datafield><datafield ind1="1" ind2=" " tag="362"><subfield code="a">Began in 1908? Ceased in 1927?</subfield></datafield><datafield ind1=" " ind2=" " tag="580"><subfield code="a">Merged with: Paris daily beacon, to form: Paris daily beacon-news.</subfield></datafield><datafield ind1=" " ind2=" " tag="588"><subfield code="a">Description based on: Vol. 2, no. 14 (Aug. 4, 1909).</subfield></datafield><datafield ind1=" " ind2=" " tag="588"><subfield code="a">Latest issue consulted: Vol. 2, no. 14 (Aug. 4, 1909).</subfield></datafield><datafield ind1=" " ind2="0" tag="651"><subfield code="a">Paris (Ill.)</subfield><subfield code="v">Newspapers.</subfield></datafield><datafield ind1=" " ind2="7" tag="651"><subfield code="a">Illinois</subfield><subfield code="z">Paris.</subfield><subfield code="2">fast</subfield><subfield code="0">(OCoLC)fst01219149</subfield></datafield><datafield ind1=" " ind2="7" tag="655"><subfield code="a">Newspapers.</subfield><subfield code="2">fast</subfield><subfield code="0">(OCoLC)fst01423814</subfield></datafield><datafield ind1=" " ind2=" " tag="752"><subfield code="a">United States</subfield><subfield code="b">Illinois</subfield><subfield code="c">Edgar County</subfield><subfield code="d">Paris.</subfield></datafield><datafield ind1="1" ind2="7" tag="785"><subfield code="t">Paris daily beacon</subfield><subfield code="w">(DLC)sn 90054988</subfield><subfield code="w">(OCoLC)21994619</subfield></datafield><datafield ind1="1" ind2="7" tag="785"><subfield code="t">Paris daily beacon-news</subfield><subfield code="w">(DLC)sn 90054990</subfield><subfield code="w">(OCoLC)21994872</subfield></datafield><datafield ind1="1" ind2=" " tag="029"><subfield code="a">AU@</subfield><subfield code="b">000025867590</subfield></datafield></record>